


@article{Park.2012,
 author = {Park, Sanghyuk},
 year = {2012},
 title = {Autonomous aerobatics on commanded path},
 pages = {64--74},
 volume = {22},
 journal = {Aerospace Science and Technology},
}



@article{Dantsker.2016,
 author = {Dantsker, Or and Mancuso, Renato},
 year = {maybe 2016},
 title = {Unpublished Sensor Fusion Manuscript},
}

